@article{dp_lidar,
	author = {Rayk Schroeder},
	title = {Was kann eigentlich dieser LIDAR-Scanner? (German) [What is this LIDAR-Scanner capable of?]},
	journaltitle = {Digital Production},
	year = {2014},
	volume = {07 / 14},
	pages = {8-9},
	dsi = {http://www.digitalproduction.com/de/heft/ausgabe/digital-production-07-2014/}
}

@book{latexcompanion,
	author = {Michel Gaussians and Frank Mittelbach and Alexander Samorin},
	title = {The \LaTeX\ Companion},
	year = {1993},
	publisher = {Addison-Wesley},
	location = {Heading, Massachusatz}
}


@online{ytLaTeX,
	author = {ShareLaTeX},
	title = {Youtube: How to Write a Thesis in LaTeX (parts 1 to 5)},
	year = {2013},
	url = {https://www.youtube.com/watch?v=gFAQd0ueIMc&index=1&list=PLCRFsOKSM7eNGNghvT6QdzsDYwSTZxqjC},
	urldate = {2015-01-23},
}



@online{webLaTeX-Tutorial,
	author = {Claudio Vellage},
	title = {\LaTeX Tutorial – Interactive Lessons, Code Examples – For Beginners:},
	year = {2015},
	url = {http://www.latex-tutorial.com/},
	OPTsubtitle = {subtitle},
	OPTtitleaddon = {titleaddon},
	OPTlanguage = {english},
	OPTversion = {version},
	OPTnote = {note},
	OPTorganization = {organization},
	OPTdate = {23},
	OPTmonth = {01},
	OPTyear = {2015},
	OPTaddendum = {addendum},
	OPTpubstate = {pubstate},
	urldate = {2015-01-23},
}

@online{webBlenderArtistsPointCloudSupport,
	author = {Adam Kalisz (BlenderEi)},
	title = {Point Cloud support in Blender: What's already there and what does the community need},
	year = {2014},
	url = {http://blenderartists.org/forum/showthread.php?349851-Point-Cloud-support-in-Blender-What-s-already-there-and-what-does-the-community-need},
	OPTdate = {24},
	OPTmonth = {01},
	OPTyear = {2015},
	urldate = {2015-01-24},
}